<?xml version="1.0" encoding="UTF-8"?><collection xmlns="http://www.loc.gov/MARC21/slim"><record><leader>00448nam--2200145-i-4500</leader><controlfield tag="001">000035560</controlfield><controlfield tag="002">20161230</controlfield><controlfield tag="005">20161230201040</controlfield><controlfield tag="008">060222s1000------------r-----000-0-eng-d</controlfield><datafield ind1=" " ind2=" " tag="100"><subfield code="a">Mushelsvili N.I</subfield></datafield><datafield ind1=" " ind2=" " tag="245"><subfield code="a">Ecuatii integrale singulare. probleme de limita ale teoriei functiilor si cateva din aplicatiile lor in fizica matematica</subfield></datafield><datafield ind1=" " ind2=" " tag="260"><subfield code="a">Bucuresti, I.S.R.S., 1955, 616p</subfield></datafield><datafield ind1=" " ind2=" " tag="490"><subfield code="v">vol.II</subfield></datafield><datafield ind1=" " ind2=" " tag="852"><subfield code="a">262</subfield></datafield><datafield ind1=" " ind2=" " tag="CAT"><subfield code="a">Sys</subfield><subfield code="c">20080919</subfield><subfield code="h">090344</subfield></datafield></record></collection>